%% This BibTeX bibliography file was created using BibDesk.
%% http://bibdesk.sourceforge.net/


%% Created for Arash Fahim at 2014-05-15 16:30:48 -0400 


%% Saved with string encoding Unicode (UTF-8) 

@book{rogers2000diffusions,
  title={Diffusions, Markov processes and martingales: Volume 2, It{\^o} calculus},
  author={Rogers, L Chris G and Williams, David},
  volume={2},
  year={2000},
  publisher={Cambridge university press}
}

@article{Evstigneev76,
  title={Measurable selection and dynamic programming},
  author={Evstigneev, IV},
  journal={Mathematics of operations Research},
  volume={1},
  number={3},
  pages={267--272},
  year={1976},
  publisher={INFORMS}
}

@article{ST02,
  title={Dynamic programming for stochastic target problems and geometric flows},
  author={Soner, H Mete and Touzi, Nizar},
  journal={Journal of the European Mathematical Society},
  volume={4},
  number={3},
  pages={201--236},
  year={2002},
  publisher={Springer}
}

@article{tsirel1976example,
  title={An example of a stochastic differential equation having no strong solution},
  author={Tsirel’son, BS},
  journal={Theory of Probability \& Its Applications},
  volume={20},
  number={2},
  pages={416--418},
  year={1976},
  publisher={SIAM}
}

@article{Wagner77,
  title={Survey of measurable selection theorems},
  author={Wagner, Daniel H},
  journal={SIAM Journal on Control and Optimization},
  volume={15},
  number={5},
  pages={859--903},
  year={1977},
  publisher={SIAM}
}

@book{Bardi-Capuzzo-book-08,
  title={Optimal control and viscosity solutions of Hamilton-Jacobi-Bellman equations},
  author={Bardi, Martino and Capuzzo-Dolcetta, Italo},
  year={2008},
  publisher={Springer Science \& Business Media}
}

@book{Jacod-Protter-book-03,
  title={Probability essentials},
  author={Jacod, Jean and Protter, Philip E},
  year={2003},
  publisher={Springer Science \& Business Media}
}

@article{Ishii83,
author="Ishii, Hitoshi",
title="Remarks on Existence of Viscosity Solutions of Hamilton-Jacobi Equations",
journal="Bulletin of the Faculty of Science and Engineering, Chuo University",
ISSN="05782228",
publisher="中央大学理工学部",
year="1983",
month="",
volume="",
number="26",
pages="p5-24",
URL="http://ci.nii.ac.jp/naid/40002408150/en/",
DOI="",
}

@book{Billingsley-book-08,
  title={Probability and measure},
  author={Billingsley, Patrick},
  year={2008},
  publisher={John Wiley \& Sons}
}

@article{CIL92,
  title={User’s guide to viscosity solutions of second order partial differential equations},
  author={Crandall, Michael G and Ishii, Hitoshi and Lions, Pierre-Louis},
  journal={Bulletin of the American Mathematical Society},
  volume={27},
  number={1},
  pages={1--67},
  year={1992}
}

@article{CL83,
  title={Viscosity solutions of Hamilton-Jacobi equations},
  author={Crandall, Michael G and Lions, Pierre-Louis},
  journal={Transactions of the American Mathematical Society},
  volume={277},
  number={1},
  pages={1--42},
  year={1983}
}

@article{lm06,
  title={A note on market power in an emission permits market with banking},
  author={Liski, Matti and Montero, Juan-Pablo},
  journal={Environmental and Resource Economics},
  volume={31},
  number={2},
  pages={159--173},
  year={2005},
  publisher={Springer}
}
@article{Friedman69,
  title={Partial differential equations. Holt, Rinehart and Winston},
  author={Friedman, Avner},
  journal={Inc., New York},
  volume={1},
  pages={969},
  year={1969}
}

@article{Krylov05,
  title={The rate of convergence of finite-difference approximations for Bellman equations with Lipschitz coefficients},
  author={Krylov, Nicolai V},
  journal={Applied Mathematics \& Optimization},
  volume={52},
  number={3},
  pages={365--399},
  year={2005},
  publisher={Springer}
}

@article{cdet13,
  title={Singular forward--backward stochastic differential equations and emissions derivatives},
  author={Carmona, Ren{\'e} and Delarue, Fran{\c{c}}ois and Espinosa, Gilles-Edouard and Touzi, Nizar},
  journal={The Annals of Applied Probability},
  volume={23},
  number={3},
  pages={1086--1128},
  year={2013},
  publisher={Institute of Mathematical Statistics}
}

@article{lm08,
  title={Market power in an exhaustible resource market: The case of storable pollution permits},
  author={Liski, Matti and Montero, Juan-Pablo},
  journal={Documento de Trabajo},
  year={2008}
}


@article{me89,
  title={Exclusionary manipulation of markets for pollution rights},
  author={Misiolek, Walter S and Elder, Harold W},
  journal={Journal of Environmental Economics and Management},
  volume={16},
  number={2},
  pages={156--166},
  year={1989},
  publisher={Elsevier}
}

@article{hahn84,
  title={Market power and transferable property rights},
  author={Hahn, Robert W},
  journal={The Quarterly Journal of Economics},
  pages={753--765},
  year={1984},
  publisher={JSTOR}
}

@article{HW16,
  title={Deep learning approximation for stochastic control problems},
  author={{Han, Jiequn and Weinan, E}},
  journal={arXiv preprint arXiv:1611.07422},
  year={2016}
}
@article{besse,
  title={Sch{\'e}ma de relaxation pour l'{\'e}quation de {S}chr{\"o}dinger non lin{\'e}aire et les syst{\`e}mes de {D}avey et {S}tewartson},
  author={Besse, Christophe},
  journal={Comptes Rendus de l'Acad{\'e}mie des Sciences-Series I-Mathematics},
  volume={326},
  number={12},
  pages={1427--1432},
  year={1998},
  publisher={Elsevier}
}

@article{ch09,
  title={Risk-neutral models for emission allowance prices and option valuation},
  author={Carmona, Ren{\'e} and Hinz, Juri},
  journal={Management Science},
  volume={57},
  number={8},
  pages={1453--1468},
  year={2011},
  publisher={INFORMS}
}

@article{cfh-2-09,
  title={Properly designed emissions trading schemes do work!},
  author={Carmona, Ren{\'e} and Fehr, Max and Hinz, Juri},
  year={2009},
  journal={Centre for Climate Change Economics and Policy and Grantham Research Institute on Climate Change and the Environment}
}

@article{cfh-1-09,
  title={Optimal stochastic control and carbon price formation},
  author={Carmona, Ren{\'e} and Fehr, Max and Hinz, Juri},
  journal={SIAM Journal on Control and Optimization},
  volume={48},
  number={4},
  pages={2168--2190},
  year={2009},
  publisher={SIAM}
}

@misc{EUETS,
  key={EU},
  title = {{European Commission Climate Action}},
  howpublished = {\url{http://ec.europa.eu/clima/index_en.htm}},
  note = {Accessed: 2014-06-26}
}

@misc{CAA1990,
  key={CAA},
  title = {{The Clean Air Act Amendments of 1990}},
  howpublished = {\url{http://epa.gov/oar/caa/caaa_overview.html
}},
  note = {Accessed: 2014-12-18}
}

@article{cfhp10,
  title={Market design for emission trading schemes},
  author={Carmona, Ren{\'e} and Fehr, Max and Hinz, Juri and Porchet, Arnaud},
  journal={Siam Review},
  volume={52},
  number={3},
  pages={403--452},
  year={2010},
  publisher={SIAM}
}

@article{cv09,
  title={Pricing and hedging in carbon emissions markets},
  author={\c{C}etin, Umut and Verschuere, Michel},
  journal={International Journal of Theoretical and Applied Finance},
  volume={12},
  number={07},
  pages={949--967},
  year={2009},
  publisher={World Scientific}
}

@book{mccarthy01,
  title={Climate change 2001: impacts, adaptation, and vulnerability: contribution of Working Group II to the third assessment report of the Intergovernmental Panel on Climate Change},
  author={McCarthy, James J},
  year={2001},
  publisher={Cambridge University Press}
}

@article{ct12,
  title={The endogenous price dynamics of emission allowances and an application to {CO$_2$} option pricing},
  author={Chesney, Marc and Taschini, Luca},
  journal={Applied Mathematical Finance},
  volume={19},
  number={5},
  pages={447--475},
  year={2012},
  publisher={Taylor \& Francis}
}


@article{smw08,
  title={Dynamic behavior of {CO$_2$} spot prices},
  author={Seifert, Jan and Uhrig-Homburg, Marliese and Wagner, Michael},
  journal={Journal of Environmental Economics and Management},
  volume={56},
  number={2},
  pages={180--194},
  year={2008},
  publisher={Elsevier}
}

@book{Touzi12,
  title={Optimal stochastic control, stochastic target problems, and backward SDE},
  author={Touzi, Nizar},
  volume={29},
  year={2012},
  publisher={Springer}
}

@article{DV73,
  title={Dynamic programming conditions for partially observable stochastic systems},
  author={Davis, MHA and Varaiya, Pravin},
  journal={SIAM Journal on Control},
  volume={11},
  number={2},
  pages={226--261},
  year={1973},
  publisher={SIAM}
}

@article{WangII92,
  title={On the regularity theory of fully nonlinear parabolic equations: {II}},
  author={Wang, Lihe},
  journal={Communications on pure and applied mathematics},
  volume={45},
  number={2},
  pages={141--178},
  year={1992},
  publisher={Wiley Online Library}
}

@article{CSW01,
  title={Utility maximization in incomplete markets with random endowment},
  author={Cvitani{\'c}, Jak{\v{s}}a and Schachermayer, Walter and Wang, Hui},
  journal={Finance and Stochastics},
  volume={5},
  number={2},
  pages={259--272},
  year={2001},
  publisher={Springer}
}

@book{Fleming-Soner-book-06,
  title={Controlled Markov processes and viscosity solutions},
  author={Fleming, Wendell Helms and  Soner, Halil Mete},
  volume={25},
  year={2006},
  publisher={Springer}
}

@article{BFT11,
	Author = {Belaouar, Redouane and Fahim, Arash and Touzi, Nizar},
	Journal = {Preprint},
	Title = {Optimal Production Policy under the Carbon Emission Market},
	Year = {2011}}

@article{KLSX91,
	Author = {Karatzas, Ioannis and Lehoczky, John P and Shreve, Steven E and Xu, Gan-Lin},
	Journal = {SIAM Journal on Control and Optimization},
	Number = {3},
	Pages = {702--730},
	Publisher = {SIAM},
	Title = {Martingale and duality methods for utility maximization in an incomplete market},
	Volume = {29},
	Year = {1991}}
	
	@inproceedings{Barles-Souganidis91,
  title={Convergence of approximation schemes for fully nonlinear second order equations},
  author={Barles, Guy and Souganidis, Panagiotis E},
  booktitle={Asymptotic analysis},
  number={4},
  pages={2347--2349},
  year={1991}
}

@book{Billingsley-book-2013,
  title={Convergence of probability measures},
  author={Billingsley, Patrick},
  year={2013},
  publisher={John Wiley \& Sons}
}

@book{Karatzas-Shreve-book-2012,
  title={Brownian motion and stochastic calculus},
  author={Karatzas, Ioannis and Shreve, Steven},
  volume={113},
  year={2012},
  publisher={Springer Science \& Business Media}
}

@article{KLS87,
  title={Optimal portfolio and consumption decisions for a “small investor” on a finite horizon},
  author={Karatzas, Ioannis and Lehoczky, John P and Shreve, Steven E},
  journal={SIAM journal on control and optimization},
  volume={25},
  number={6},
  pages={1557--1586},
  year={1987},
  publisher={SIAM}
}

@article{nicole1987compactification,
  title={Compactification methods in the control of degenerate diffusions: existence of an optimal control},
  author={Nicole el, Karoui and Du'h{\=U}{\=U}, Nguyen and Monique, Jeanblanc-Picqu{\'e}},
  journal={Stochastics: an international journal of probability and stochastic processes},
  volume={20},
  number={3},
  pages={169--219},
  year={1987},
  publisher={Taylor \& Francis}
}

@article{JK05,
	Author = {Jakobsen, Espen R and Karlsen, Kenneth H},
	Journal = {Journal of Differential Equations},
	Number = {2},
	Pages = {278--318},
	Publisher = {Elsevier},
	Title = {Continuous dependence estimates for viscosity solutions of integro-PDEs},
	Volume = {212},
	Year = {2005}}
	
	@book{Barles94,
  title={Solutions de viscosit{\'e} des {\'e}quations de Hamilton-Jacobi},
  author={Barles, Guy},
  year={1994},
  publisher={Springer Verlag}
}

@article{BJ05,
	Author = {Barles, Guy and Jakobsen, Espen R},
	Journal = {SIAM journal on numerical analysis},
	Number = {2},
	Pages = {540--558},
	Publisher = {SIAM},
	Title = {Error bounds for monotone approximation schemes for Hamilton--Jacobi--Bellman equations},
	Volume = {43},
	Year = {2005}}

@book{Oksendal-book-03,
	Author = {{\O}ksendal, Bernt},
	Publisher = {Springer},
	Title = {Stochastic differential equations},
	Year = {2003}}

@article{IW77,
	Author = {Ikeda, Nobuyuki and Watanabe, Shinzo},
	Journal = {Osaka J. Math.},
	Number = {3},
	Pages = {619-633},
	Title = {A comparison theorem for solutions of stochastic differential equations and its applications},
	Volume = {14},
	Year = {1977}}
	
@article{Krylov1973selection,
  title={On the selection of a Markov process from a system of processes and the construction of quasi-diffusion processes},
  author={Krylov, Nikolai Vladimirovich},
  journal={Mathematics of the USSR-Izvestiya},
  volume={7},
  number={3},
  pages={691},
  year={1973},
  publisher={IOP Publishing}
}	

@article{el1987compactification,
  title={Compactification methods in the control of degenerate diffusions: existence of an optimal control},
  author={El Karoui, Nicole and Du Huu, Nguyen and Jeanblanc-Picqu{\'e}, Monique},
  journal={Stochastics},
  volume={20},
  number={3},
  pages={169--219},
  year={1987},
  publisher={Gordon and Breach}
}
	
@incollection{haussmann1986existence,
  title={Existence of optimal Markovian controls for degenerate diffusions},
  author={Haussmann, UG},
  booktitle={Stochastic differential systems},
  pages={171--186},
  year={1986},
  publisher={Springer}
}	

@article{BJK10,
	Author = {Biswas, Imran H. and Jakobsen, Espen R. and Karlsen, Kenneth H.},
	Coden = {AMOMBN},
	Doi = {10.1007/s00245-009-9095-8},
	Fjournal = {Applied Mathematics and Optimization. An International Journal with Applications to Stochastics},
	Issn = {0095-4616},
	Journal = {Appl. Math. Optim.},
	Mrclass = {49L25 (35R09 49K45)},
	Mrnumber = {2653895 (2011g:49045)},
	Mrreviewer = {Jose Luis Menaldi},
	Number = {1},
	Pages = {47--80},
	Title = {Viscosity solutions for a system of integro-{PDE}s and connections to optimal switching and control of jump-diffusion processes},
	Url = {http://dx.doi.org/10.1007/s00245-009-9095-8},
	Volume = {62},
	Year = {2010},
	Bdsk-Url-1 = {http://dx.doi.org/10.1007/s00245-009-9095-8}}

@article{TY93,
	Author = {Tang, Shan Jian and Yong, Jiong Min},
	Coden = {STOCBS},
	Fjournal = {Stochastics and Stochastics Reports},
	Issn = {1045-1129},
	Journal = {Stochastics Stochastics Rep.},
	Mrclass = {49L25 (93E20)},
	Mrnumber = {1306930 (95i:49049)},
	Mrreviewer = {Min Sun},
	Number = {3-4},
	Pages = {145--176},
	Title = {Finite horizon stochastic optimal switching and impulse controls with a viscosity solution approach},
	Volume = {45},
	Year = {1993}}

@misc{Touzi-lecture-notes-10,
	Author = {Touzi, Nizar},
	Howpublished = {\href{http://www.cmap.polytechnique.fr/~touzi/Fields-LN.pdf}{http://www.cmap.polytechnique.fr/~touzi/Fields-LN.pdf}},
	Institution = {Fields Institute for research in mathematical science},
	Title = {Stochastic control and finance},
	Year = {2010}}
